@book{OOPL,
    author = {Dorian P. Yaeger},
	title = "{Object-Oriented Programming Languages And Event-Driven Programming}",
	publisher = {Mercury Learning and Information},
	address = {Dulles, Virginia; Boston, Massachusetts; New Delhi},
	year = {2014},
}

@book{Pascal,
    author = {Wirth, Niklaus.},
	title = "{The Programming Language Pascal}",
	publisher = {Acta Informatica 1},
	year = {1971},
	note = {pp. 35–63.}
}

@Article{HUMMWIE_2005,
	author = {Bernhard Humm and Frank Wietek},
	title = "{Architektur von Data Warehouses und Business Intelligence Systemen}",
	journal = {Informatik Spektrum},
	year = {2005},
	volume = {28},
	number = {1},
	pages = {3-14}
}

@misc{Pascalverbund,
  author = {Arthur Zimmermann},
  title = "{Einführung in die Programmierung, Aggregierte Datentypen Übung}",
  howpublished = {\url{http://azdom.de/hwr/prog/}},
  year = {2020}
}

@misc{JFC,
  author = {Oracle},
  title = "{Java Foundation Classes (JFC)}",
  howpublished = {\url{https://www.oracle.com/java/technologies/foundation-classes-faq.html}},
  year = {2022}
}
@misc{sophist,
  author = {SOPHIST-GmbH},
  title = "{MASTeR - Die SOPHIST-Templates für Requirements}",
  howpublished = {\url{https://www.sophist.de/fileadmin/user_upload/Bilder_zu_Seiten/Publikationen/Wissen_for_free/MASTeR_-Kern_RE-Plakat2.pdf}},
  year = {2022}
}


@incollection{CRISP,
	author = {Colm V. Gallagher and Ken Bruton and Dominic T.J. O’Sullivan},
	editor = {Ying Tan and Yuhui Shi},
	title = "{Utilising the Cross Industry Standard Process for Data Mining to Reduce Uncertainty in the Measurement and Verification of Energy Savings}",
	booktitle = {Data Mining and Big Data. DMBD 2016. Lecture Notes in Computer Science},
	pages = {48-58},
	publisher = {Springer},
	address = {Cham},
	year = {2016}
}


@misc{AD,
  author = {{Microsoft}},
  title = "{Active Directory Domain Services Overview}",
  howpublished = "\url{https://docs.microsoft.com/en-us/previous-versions/windows/it-pro/windows-server-2008-R2-and-2008/cc731053(v=ws.10)?redirectedfrom=MSDN}",
  note = {Abgerufen: 2022-01-01},
  year = {2021}
}

@misc{Csh,
  author = {{Microsoft}},
  title = "{C Sharp documentation}",
  howpublished = "\url{https://docs.microsoft.com/en-us/dotnet/csharp/}",
  note = {Abgerufen: 2022-01-01},
  year = {2021}
}

@misc{ASP.Net,
  author = {{Microsoft}},
  title = "{ASP.Net}",
  howpublished = "\url{https://dotnet.microsoft.com/en-us/learn/aspnet/what-is-aspnet}",
  note = {Abgerufen: 2022-01-01},
  year = {2021}
}

@misc{EF,
  author = {{Microsoft}},
  title = "{Entity Framework}",
  howpublished = "\url{https://docs.microsoft.com/de-de/ef/core/}",
  note = {Abgerufen: 2022-01-01},
  year = {2021}
}

@misc{REST,
  author = {{Lokesh Gupta}},
  title = "{HTTP Methods}",
  howpublished = "\url{https://restfulapi.net/http-methods/}",
  note = {Abgerufen: 2022-01-01},
  year = {2022}
} 
